<record><leader>00000cas a2200000 a 4500</leader><controlfield tag="001">36318608</controlfield><controlfield tag="008">970204c19899999miuwr n       0    0eng c</controlfield><datafield ind1=" " ind2=" " tag="010"><subfield code="a">sn 97063105 </subfield></datafield><datafield ind1=" " ind2=" " tag="040"><subfield code="a">MHN</subfield><subfield code="b">eng</subfield><subfield code="c">MHN</subfield><subfield code="d">OCL</subfield><subfield code="d">OCLCQ</subfield><subfield code="d">OCLCF</subfield><subfield code="d">OCLCO</subfield></datafield><datafield ind1="1" ind2=" " tag="029"><subfield code="a">AU@</subfield><subfield code="b">000013092625</subfield></datafield><datafield ind1=" " ind2=" " tag="042"><subfield code="a">pcc</subfield></datafield><datafield ind1=" " ind2=" " tag="043"><subfield code="a">n-us-mi</subfield></datafield><datafield ind1="0" ind2="0" tag="245"><subfield code="a">Sault Sunday.</subfield></datafield><datafield ind1="1" ind2="3" tag="246"><subfield code="a">Evening news</subfield></datafield><datafield ind1=" " ind2=" " tag="260"><subfield code="a">Sault Ste. Marie, Mich. :</subfield><subfield code="b">Sault News Print. Co.</subfield></datafield><datafield ind1=" " ind2=" " tag="300"><subfield code="a">v.</subfield></datafield><datafield ind1=" " ind2=" " tag="310"><subfield code="a">Weekly</subfield></datafield><datafield ind1="0" ind2=" " tag="362"><subfield code="a">Vol. 1, no. 1 (Dec. 3, 1989)-</subfield></datafield><datafield ind1=" " ind2=" " tag="580"><subfield code="a">Daily ed: Evening news (Sault Sainte Marie, Mich.).</subfield></datafield><datafield ind1=" " ind2="0" tag="651"><subfield code="a">Sault Sainte Marie (Mich.)</subfield><subfield code="v">Newspapers.</subfield></datafield><datafield ind1=" " ind2="0" tag="651"><subfield code="a">Chippewa County (Mich.)</subfield><subfield code="v">Newspapers.</subfield></datafield><datafield ind1=" " ind2="7" tag="655"><subfield code="a">Newspapers.</subfield><subfield code="2">fast</subfield><subfield code="0">(OCoLC)fst01423814</subfield></datafield><datafield ind1=" " ind2="7" tag="651"><subfield code="a">Michigan</subfield><subfield code="z">Chippewa County.</subfield><subfield code="2">fast</subfield><subfield code="0">(OCoLC)fst01206567</subfield></datafield><datafield ind1=" " ind2="7" tag="651"><subfield code="a">Michigan</subfield><subfield code="z">Sault Sainte Marie.</subfield><subfield code="2">fast</subfield><subfield code="0">(OCoLC)fst01211415</subfield></datafield><datafield ind1=" " ind2=" " tag="752"><subfield code="a">United States</subfield><subfield code="b">Michigan</subfield><subfield code="c">Chippewa</subfield><subfield code="d">Sault Sainte Marie.</subfield></datafield><datafield ind1="1" ind2=" " tag="775"><subfield code="t">Evening news (Sault Sainte Marie, Mich.)</subfield><subfield code="w">(DLC)sn 87056728</subfield><subfield code="w">(OCoLC)17191079</subfield></datafield></record>